@online{EE343,
	author = {Н.Чулуунбаатар},
	editor = {editor},
	title = {F.EE343 Програмчлагддаг Логик Контроллер онлайн хичээл},
	year = {2020},
	url = {http://elearn.sict.edu.mn/course/view.php?id=442},
}

@online{AWSDataSharing,
	author = {Amazon Web Services},
	title = {What Is Data Sharing?},
	url = {https://aws.amazon.com/what-is/data-sharing},
}

@online{WikiDataWarehouse,
	author = {Wikipedia},
	title = {Data warehouse},
	url = {https://en.wikipedia.org/wiki/Data_warehouse},
}

@online{IBMSecureData,
	title = {Why data security is vital for the well-being of any enterprise today},
	url = {https://www.ibm.com/topics/data-security},
}

@online{WikiIDE,
	author = {Wikipedia},
	title = {Identity-based encryption},
	url = {https://en.wikipedia.org/wiki/Identity-based_encryption},
}